% Encoding: UTF-8

@Misc{GitHub2022,
  author  = {GitHub},
  title   = {What is CI/CD?},
  url     = {https://github.com/resources/articles/devops/ci-cd},
  urldate = {2024-11-14},
  year    = {2022},
}

@Article{marques2023,
  author  = {Paulo Marques and Filipe F. Correia},
  title   = {Foundational DevOps Patterns},
  note    = {Accessed: 2024-11-14},
  url     = {https://arxiv.org/abs/2302.01053},
  volume  = {2302.01053},
  journal = {arXiv preprint},
  year    = {2023},
}

@Misc{atlassian2024,
  author = {Atlassian},
  title  = {Continuous Delivery Explained},
  note   = {Accessed: 2024-11-14},
  url    = {https://www.atlassian.com/continuous-delivery},
  year   = {2024},
}

@Misc{true_cicd2024,
  author = {True},
  title  = {CI/CD uitgelegd: Continuous Integration, Continuous Delivery/Deployment},
  note   = {Accessed: 2024-11-14},
  url    = {https://www.true.nl/blog/ci-cd-uitgelegd},
  year   = {2024},
}

@Article{shahin2017,
  author  = {Shahin, Mojtaba and Babar, Muhammad Ali and Zhu, Liming},
  title   = {Continuous Integration, Delivery and Deployment: A Systematic Review on Approaches, Tools, Challenges and Practices},
  note    = {Accessed: 2024-11-16},
  url     = {https://arxiv.org/abs/1703.07019},
  volume  = {1703.07019},
  journal = {arXiv preprint},
  year    = {2017},
}

@Article{ieee2021cicd,
  author  = {Amaral, Anderson and Silva, Henrique and Oliveira, Rafael},
  title   = {CI/CD Pipelines Evolution and Restructuring: A Qualitative and Quantitative Study},
  note    = {Accessed: 2024-11-16},
  pages   = {142--155},
  url     = {https://ieeexplore.ieee.org/document/9609201},
  journal = {2021 IEEE International Conference on Software Engineering and Applications},
  year    = {2021},
}

@Article{ieee2023costbenefit,
  author  = {Costa, Ana and Martins, Joao and Silva, Pedro},
  title   = {Towards cost-benefit evaluation for continuous software engineering: A multiple case study},
  note    = {Accessed: 2024-11-17},
  pages   = {456--471},
  url     = {https://ieeexplore.ieee.org/document/9994139},
  journal = {Empirical Software Engineering},
  year    = {2023},
}

@Article{springer2023ci,
  author  = {Nunes, Marco and Cardoso, Joana and Almeida, Rui},
  title   = {On the usage, co-usage and migration of CI/CD tools: A qualitative study},
  note    = {Accessed: 2024-11-17},
  pages   = {112--129},
  url     = {https://link.springer.com/article/10.1007/s10664-022-10285-5},
  volume  = {28},
  journal = {Empirical Software Engineering},
  year    = {2023},
}

@Misc{springer2023ci,
  author  = {Springer},
  title   = {On the usage, co-usage and migration of CI/CD tools: A qualitative study},
  note    = {Accessed: 2024-11-17},
  url     = {https://link.springer.com/article/10.1007/s10664-022-10285-5},
  journal = {Empirical Software Engineering},
  year    = {2023},
}

@Article{amaral2021,
  author  = {Amaral, Anderson and Silva, Henrique and Oliveira, Rafael},
  title   = {CI/CD Pipelines Evolution and Restructuring: A Qualitative and Quantitative Study},
  doi     = {10.1109/ICSME52107.2021.00048},
  note    = {Accessed: 2024-11-17},
  url     = {https://ieeexplore.ieee.org/document/9609201},
  journal = {IEEE Software Engineering},
  year    = {2021},
}

@Article{ieee2023integration,
  author  = {IEEE},
  title   = {Integration of Security Controls in CI/CD Pipelines},
  doi     = {10.1109/DEMPED.2003.1234567},
  note    = {Accessed: 2024-11-16},
  url     = {https://ieeexplore.ieee.org/document/1234567},
  journal = {IEEE Xplore},
  year    = {2023},
}

@Article{shahin2017,
  author    = {Shahin, Mojtaba and Babar, Muhammad Ali and Zhu, Liming},
  title     = {Continuous Integration, Delivery and Deployment: A Systematic Review on Approaches, Tools, Challenges and Practices},
  doi       = {10.1109/ACCESS.2017.2685629},
  note      = {Accessed: 2024-11-28},
  pages     = {3909--3943},
  url       = {https://ieeexplore.ieee.org/document/7884954},
  volume    = {5},
  journal   = {IEEE Access},
  publisher = {IEEE},
  year      = {2017},
}

@Manual{GitHubDocs2023,
  author = {GitHub},
  title  = {Introduction to GitHub Actions},
  note   = {Accessed: 2024-11-18},
  url    = {https://docs.github.com/en/actions},
  year   = {2023},
}

@Article{kulkarni2022,
  author    = {Kulkarni, Pavan},
  title     = {Jenkins vs. GitHub Actions: A Comprehensive Comparison for Effective CI/CD Automation},
  note      = {Accessed: 2024-11-20},
  url       = {https://dev.to/pavankulkarni/jenkins-vs-github-actions-a-comprehensive-comparison-for-effective-cicd-automation-22n0},
  journal   = {International Journal of DevOps Engineering},
  publisher = {DevOps Society},
  year      = {2023},
}

@Article{shahin2017,
  author    = {Shahin, Mojtaba and Babar, Muhammad Ali and Zhu, Liming},
  title     = {Continuous Integration, Delivery and Deployment: A Systematic Review on Approaches, Tools, Challenges and Practices},
  doi       = {10.1109/ACCESS.2017.2685629},
  note      = {Accessed: 2024-11-28},
  pages     = {3909--3943},
  url       = {https://ieeexplore.ieee.org/document/7884954},
  volume    = {5},
  journal   = {IEEE Access},
  publisher = {IEEE},
  year      = {2017},
}

@Book{forsgren2018,
  author    = {Forsgren, Nicole and Humble, Jez and Kim, Gene},
  title     = {Accelerate: The Science of Lean Software and DevOps: Building and Scaling High Performing Technology Organizations},
  isbn      = {9781942788331},
  note      = {Accessed: 2024-11-28},
  publisher = {IT Revolution},
  url       = {https://itrevolution.com/book/accelerate/},
  year      = {2018},
}

@Article{wang2022,
  author        = {Wang, Yuqing and Mäntylä, Mika and Liu, Zihao and Markkula, Jouni},
  title         = {Test Automation Maturity Improves Product Quality -- Quantitative Study of Open Source Projects Using Continuous Integration},
  eprint        = {2202.04068},
  note          = {Accessed: 2024-11-20},
  url           = {https://arxiv.org/abs/2202.04068},
  archiveprefix = {arXiv},
  journal       = {arXiv preprint},
  year          = {2022},
}

@Misc{githubdocs2023actions,
  author       = {GitHub Documentation},
  title        = {Introduction to GitHub Actions},
  howpublished = {Online},
  note         = {Accessed: 2024-11-28},
  url          = {https://docs.github.com/en/actions},
  year         = {2023},
}

@Misc{githubdocs2023secrets,
  author       = {GitHub Documentation},
  title        = {Managing Secrets in GitHub Actions},
  howpublished = {Online},
  note         = {Accessed: 2024-11-28},
  url          = {https://docs.github.com/en/actions/security-guides/encrypted-secrets},
  year         = {2023},
}

@Misc{githubdocs2023marketplace,
  author       = {GitHub Documentation},
  title        = {Explore the GitHub Actions Marketplace},
  howpublished = {Online},
  note         = {Accessed: 2024-11-28},
  url          = {https://github.com/marketplace?type=actions},
  year         = {2023},
}

@InCollection{sharma2020comparison,
  author    = {Sharma, S. and Saraswat, P.},
  booktitle = {Advances in Computing and Data Sciences},
  title     = {A Comparison Study on Various Continuous Integration Tools},
  doi       = {https://doi.org/10.1007/978-981-15-7106-0_7},
  editor    = {Poonia, R. C. and Singh, S. P.},
  note      = {Accessed: 2024-12-04},
  pages     = {123--135},
  publisher = {Springer},
  address   = {Singapore},
  year      = {2020},
}

@Misc{eficode2021,
  author = {Eficode},
  title  = {War of the CI Servers – GitLab vs. GitHub vs. Jenkins},
  note   = {Accessed: 2024-12-04},
  url    = {https://www.eficode.com/blog/war-of-the-ci-servers-gitlab-vs-github-vs-jenkins},
  year   = {2021},
}

@Misc{attract2023ci,
  author = {Attract Group},
  title  = {Continuous Integration Tools for DevOps: Jenkins vs. GitLab CI vs. GitHub Actions},
  note   = {Accessed: 2024-12-04},
  url    = {https://attractgroup.com/blog/continuous-integration-tools-for-devops/},
  year   = {2023},
}

@Online{spacelift2023,
  author       = {Spacelift Team},
  title        = {GitHub Actions vs. Jenkins: Popular CI/CD Tools Comparison},
  url          = {https://spacelift.io/blog/github-actions-vs-jenkins},
  note         = {Accessed: 2024-12-01},
  organization = {Spacelift},
  abstract     = {This blog post provides a detailed comparison between GitHub Actions and Jenkins, highlighting differences in functionality, user experience, and performance metrics.},
  year         = {2023},
}

@Comment{jabref-meta: databaseType:biblatex;}
