% Encoding: UTF-8

@Online{redhat2023,
  author  = {RedHat},
  date    = {2023-03-10},
  title   = {What is DevSecOps?},
  url     = {https://www.redhat.com/en/topics/devops/what-is-devsecops},
  urldate = {2024-04-24},
}

@Article{GlobalSign2022,
  author       = {Sarah Topping},
  date         = {2023-10-04},
  journaltitle = {GlobalSign Blog},
  title        = {DevOps vs. DevSecOps: Evolution and Importance of Security},
  url          = {https://www.globalsign.com/en/blog/devops-vs-devsecops-evolution-and-importance-of-security},
  urldate      = {2024-10-23},
}

@Manual{Project2019,
  author  = {OWASP},
  date    = {2019},
  editor  = {Open Web Application Security Project (OWASP)},
  title   = {DevSecOps Guidelines},
  url     = {https://owasp.org/www-project-devsecops-guideline/},
  urldate = {2024-10-22},
}

@Article{Odorfer2021,
  author       = {Roland Odorfer},
  date         = {2021-10},
  journaltitle = {AWS Security Blog},
  title        = {Governance at Scale: Enforce Permissions and Compliance by Using Policy as Code},
  url          = {https://aws.amazon.com/blogs/security/governance-at-scale-enforce-permissions-and-compliance-by-using-policy-as-code/},
  urldate      = {2024-10-23},
}

@Article{EU2022,
  author  = {European Commission},
  date    = {2022-07-06},
  title   = {Data Protection - GDPR},
  url     = {https://europa.eu/youreurope/business/dealing-with-customers/data-protection/data-protection-gdpr/index_en.htm},
  urldate = {2024-10-23},
}

@Online{OWASP2021,
  author  = {{OWASP}},
  date    = {2023-03-18},
  title   = {DevSecOpsGuideline},
  url     = {{https://github.com/OWASP/DevSecOpsGuideline}},
  note    = {Geraadpleegd op 24 april 2024},
  urldate = {2024-10-24},
}

@Article{Puppet2022,
  author  = {Puppet},
  date    = {2022},
  title   = {Proactive Security Approach},
  url     = {https://www.puppet.com/blog/puppet-proactive-security-approach},
  urldate = {2024-10-24},
}

@Online{RedHat2021,
  author  = {RedHat},
  date    = {2021-12},
  title   = {DevSecOps Approach},
  url     = {https://www.redhat.com/en/solutions/devsecops-approach},
  urldate = {2024-10-24},
}

@Comment{jabref-meta: databaseType:biblatex;}
